<collection xmlns="http://www.loc.gov/MARC21/slim"><record><leader>00737nam  2200205   450</leader><controlfield tag="001">910</controlfield><controlfield tag="003">http://montalegre.opacnet.com/OPAC/default.aspx?ContentAreaControl=ShowRegHoldings.ascx&amp;RegNo=16662</controlfield><datafield tag="100" ind1=" " ind2=" "><subfield code="a">19720901d1972    m  y0pora010305  ba</subfield></datafield><datafield tag="101" ind1="1" ind2=" "><subfield code="a">por</subfield><subfield code="c">eng</subfield></datafield><datafield tag="102" ind1=" " ind2=" "><subfield code="a">PT</subfield></datafield><datafield tag="200" ind1="1" ind2=" "><subfield code="a">Morte dum caixeiro viajante</subfield><subfield code="f">Arthur Miller</subfield><subfield code="g">trad. José Cardoso Pires, Victor Palla</subfield></datafield><datafield tag="210" ind1=" " ind2=" "><subfield code="a">Mem- Martins</subfield><subfield code="c">Europa-América</subfield><subfield code="d">1972</subfield></datafield><datafield tag="215" ind1=" " ind2=" "><subfield code="a">188, [2] p.</subfield><subfield code="d">18 cm</subfield></datafield><datafield tag="225" ind1="2" ind2=" "><subfield code="a">Livros de bolso Europa-América</subfield><subfield code="v">42</subfield></datafield><datafield tag="675" ind1=" " ind2=" "><subfield code="a">821</subfield><subfield code="v">BN</subfield><subfield code="z">por</subfield></datafield><datafield tag="700" ind1=" " ind2="1"><subfield code="a">Miller</subfield><subfield code="b">Arthur</subfield><subfield code="f">1915-</subfield></datafield><datafield tag="702" ind1=" " ind2="1"><subfield code="a">Pires</subfield><subfield code="b">José Cardoso</subfield><subfield code="f">1925-1998</subfield><subfield code="4">730</subfield></datafield><datafield tag="702" ind1=" " ind2="1"><subfield code="a">Pala</subfield><subfield code="b">Vítor</subfield><subfield code="f">1922-</subfield><subfield code="4">730</subfield></datafield><datafield tag="801" ind1=" " ind2="0"><subfield code="a">PT</subfield><subfield code="b">Biblioteca Municipal de Montalegre</subfield><subfield code="g">RPC</subfield></datafield><datafield tag="856" ind1=" " ind2=" "><subfield code="u">locateMedia.asp?cod=20060629121754&amp;ext=jpg</subfield><subfield code="z">CAPA</subfield></datafield><datafield tag="909" ind1="&#9;" ind2=" "><subfield code="a">1</subfield></datafield><datafield tag="966" ind1=" " ind2=" "><subfield code="a">0005451</subfield><subfield code="l">BMM</subfield><subfield code="s">SCG 821 MIL mor 42</subfield></datafield></record></collection>